@article{wolters2007volume,
  title={Volume conduction},
  author={Wolters, Carsten and de Munck, Jan C},
  journal={Scholarpedia},
  volume={2},
  number={3},
  pages={1738},
  year={2007}
}
@book{luck2014introduction,
  title={An introduction to the event-related potential technique},
  author={Luck, Steven J},
  year={2014},
  publisher={MIT press}
}
@article{sporns2007brain,
  title={Brain connectivity},
  author={Sporns, Olaf},
  journal={Scholarpedia},
  volume={2},
  number={10},
  pages={4695},
  year={2007}
}
@article{fingelkurts2005functional,
  title={Functional connectivity in the brain—is it an elusive concept?},
  author={Fingelkurts, Andrew A and Fingelkurts, Alexander A and K{\"a}hk{\"o}nen, Seppo},
  journal={Neuroscience \& Biobehavioral Reviews},
  volume={28},
  number={8},
  pages={827--836},
  year={2005},
  publisher={Elsevier}
}
@article{bettus2008enhanced,
  title={Enhanced EEG functional connectivity in mesial temporal lobe epilepsy},
  author={Bettus, Gaelle and Wendling, Fabrice and Guye, Maxime and Valton, Luc and R{\'e}gis, Jean and Chauvel, Patrick and Bartolomei, Fabrice},
  journal={Epilepsy research},
  volume={81},
  number={1},
  pages={58--68},
  year={2008},
  publisher={Elsevier}
}
@article{roebroeck2005mapping,
  title={Mapping directed influence over the brain using Granger causality and fMRI},
  author={Roebroeck, Alard and Formisano, Elia and Goebel, Rainer},
  journal={Neuroimage},
  volume={25},
  number={1},
  pages={230--242},
  year={2005},
  publisher={Elsevier}
}
@article{barnett2014mvgc,
  title={The MVGC multivariate Granger causality toolbox: A new approach to Granger-causal inference},
  author={Barnett, Lionel and Seth, Anil K},
  journal={Journal of neuroscience methods},
  volume={223},
  pages={50--68},
  year={2014},
  publisher={Elsevier}
}
@article{granger1969investigating,
  title={Investigating causal relations by econometric models and cross-spectral methods},
  author={Granger, Clive WJ},
  journal={Econometrica: Journal of the Econometric Society},
  pages={424--438},
  year={1969},
  publisher={JSTOR}
}
@article{morf1978recursive,
  title={Recursive multichannel maximum entropy spectral estimation},
  author={Morf, Martin and Vieira, Augusto and Lee, D and Kailath, Thomas},
  journal={IEEE Trans. Geosci. Electron},
  volume={16},
  number={2},
  pages={85--94},
  year={1978}
}
@article{pijn1990localization,
  title={Localization of epileptogenic foci using a new signal analytical approach},
  author={Pijn, JPM and Vijn, PCM and Lopes da Silva, FH and Van Ende Boas, W and Blanes, W},
  journal={Neurophysiologie Clinique/Clinical Neurophysiology},
  volume={20},
  number={1},
  pages={1--11},
  year={1990},
  publisher={Elsevier Masson}
}
@article{eguiluz2005scale,
  title={Scale-free brain functional networks},
  author={Eguiluz, Victor M and Chialvo, Dante R and Cecchi, Guillermo A and Baliki, Marwan and Apkarian, A Vania},
  journal={Physical review letters},
  volume={94},
  number={1},
  pages={018102},
  year={2005},
  publisher={APS}
}
@article{bassett2006small,
  title={Small-world brain networks},
  author={Bassett, Danielle Smith and Bullmore, ED},
  journal={The neuroscientist},
  volume={12},
  number={6},
  pages={512--523},
  year={2006},
  publisher={Sage Publications}
}
@article{watts1998collective,
  title={Collective dynamics of ‘small-world’networks},
  author={Watts, Duncan J and Strogatz, Steven H},
  journal={nature},
  volume={393},
  number={6684},
  pages={440--442},
  year={1998},
  publisher={Nature Publishing Group}
}
@article{latora2001efficient,
  title={Efficient behavior of small-world networks},
  author={Latora, Vito and Marchiori, Massimo},
  journal={Physical review letters},
  volume={87},
  number={19},
  pages={198701},
  year={2001},
  publisher={APS}
}
@article{stam2004functional,
  title={Functional connectivity patterns of human magnetoencephalographic recordings: a ‘small-world’network?},
  author={Stam, Cornelius J},
  journal={Neuroscience letters},
  volume={355},
  number={1},
  pages={25--28},
  year={2004},
  publisher={Elsevier}
}
@article{van2008small,
  title={Small-world and scale-free organization of voxel-based resting-state functional connectivity in the human brain},
  author={van den Heuvel, Martijn P and Stam, Cornelis J and Boersma, Maria and Hulshoff Pol, HE},
  journal={Neuroimage},
  volume={43},
  number={3},
  pages={528--539},
  year={2008},
  publisher={Elsevier}
}
@article{thivierge2014scale,
  title={Scale-free and economical features of functional connectivity in neuronal networks},
  author={Thivierge, Jean-Philippe},
  journal={Physical Review E},
  volume={90},
  number={2},
  pages={022721},
  year={2014},
  publisher={APS}
}
@article{passerini2008neumann,
  title={The von Neumann entropy of networks},
  author={Passerini, Filippo and Severini, Simone},
  journal={arXiv preprint arXiv:0812.2597},
  year={2008}
}
@article{anand2009entropy,
  title={Entropy measures for networks: Toward an information theory of complex topologies},
  author={Anand, Kartik and Bianconi, Ginestra},
  journal={Physical Review E},
  volume={80},
  number={4},
  pages={045102},
  year={2009},
  publisher={APS}
}
@article{uebersax1987diversity,
  title={Diversity of decision-making models and the measurement of interrater agreement.},
  author={Uebersax, John S},
  journal={Psychological Bulletin},
  volume={101},
  number={1},
  pages={140},
  year={1987},
  publisher={American Psychological Association}
}
@article{galizia2000odour,
  title={Odour perception in honeybees: coding information in glomerular patterns},
  author={Galizia, C Giovanni and Menzel, Randolf},
  journal={Current opinion in neurobiology},
  volume={10},
  number={4},
  pages={504--510},
  year={2000},
  publisher={Elsevier}
}
@article{keller2007genetic,
  title={Genetic variation in a human odorant receptor alters odour perception},
  author={Keller, Andreas and Zhuang, Hanyi and Chi, Qiuyi and Vosshall, Leslie B and Matsunami, Hiroaki},
  journal={Nature},
  volume={449},
  number={7161},
  pages={468--472},
  year={2007},
  publisher={Nature Publishing Group}
}
@inproceedings{lyons1998coding,
  title={Coding facial expressions with gabor wavelets},
  author={Lyons, Michael and Akamatsu, Shigeru and Kamachi, Miyuki and Gyoba, Jiro},
  booktitle={Automatic Face and Gesture Recognition, 1998. Proceedings. Third IEEE International Conference on},
  pages={200--205},
  year={1998},
  organization={IEEE}
}
@article{de2003taste,
  title={Taste-olfactory convergence, and the representation of the pleasantness of flavour, in the human brain},
  author={De Araujo, Ivan ET and Rolls, Edmund T and Kringelbach, Morten L and McGlone, Francis and Phillips, Nicola},
  journal={European Journal of Neuroscience},
  volume={18},
  number={7},
  pages={2059--2068},
  year={2003},
  publisher={Wiley Online Library}
}
@article{bellezza1986words,
  title={Words high and low in pleasantness as rated by male and female college students},
  author={Bellezza, Francis S and Greenwald, Anthony G and Banaji, Mahzarin R},
  journal={Behavior Research Methods, Instruments, \& Computers},
  volume={18},
  number={3},
  pages={299--303},
  year={1986},
  publisher={Springer}
}
@article{zatorre2000neural,
  title={Neural mechanisms involved in odor pleasantness and intensity judgments},
  author={Zatorre, Robert J and Jones-Gotman, Marilyn and Rouby, Catherine},
  journal={Neuroreport},
  volume={11},
  number={12},
  pages={2711--2716},
  year={2000},
  publisher={LWW}
}
@article{kringelbach2003activation,
  title={Activation of the human orbitofrontal cortex to a liquid food stimulus is correlated with its subjective pleasantness},
  author={Kringelbach, Morten L and O’Doherty, John and Rolls, Edmund T and Andrews, Cary},
  journal={Cerebral Cortex},
  volume={13},
  number={10},
  pages={1064--1071},
  year={2003},
  publisher={Oxford Univ Press}
}
@article{rognoni2008relationship,
  title={Relationship between adult attachment patterns, emotional experience and EEG frontal asymmetry},
  author={Rognoni, Elena and Galati, Dario and Costa, Tommaso and Crini, Manuella},
  journal={Personality and Individual Differences},
  volume={44},
  number={4},
  pages={909--920},
  year={2008},
  publisher={Elsevier}
}
@article{kroupi2014eeg,
  title={EEG correlates of pleasant and unpleasant odor perception},
  author={Kroupi, Eleni and Yazdani, Ashkan and Vesin, Jean-Marc and Ebrahimi, Touradj},
  journal={ACM Transactions on Multimedia Computing, Communications, and Applications (TOMM)},
  volume={11},
  number={1s},
  pages={13},
  year={2014},
  publisher={ACM}
}
@article{greicius2007resting,
  title={Resting-state functional connectivity in major depression: abnormally increased contributions from subgenual cingulate cortex and thalamus},
  author={Greicius, Michael D and Flores, Benjamin H and Menon, Vinod and Glover, Gary H and Solvason, Hugh B and Kenna, Heather and Reiss, Allan L and Schatzberg, Alan F},
  journal={Biological psychiatry},
  volume={62},
  number={5},
  pages={429--437},
  year={2007},
  publisher={Elsevier}
}
@article{waites2006functional,
  title={Functional connectivity networks are disrupted in left temporal lobe epilepsy},
  author={Waites, Anthony B and Briellmann, Regula S and Saling, Michael M and Abbott, David F and Jackson, Graeme D},
  journal={Annals of neurology},
  volume={59},
  number={2},
  pages={335--343},
  year={2006},
  publisher={Wiley Online Library}
}
@article{van2010exploring,
  title={Exploring the brain network: a review on resting-state fMRI functional connectivity},
  author={Van Den Heuvel, Martijn P and Hulshoff Pol, Hilleke E},
  journal={European Neuropsychopharmacology},
  volume={20},
  number={8},
  pages={519--534},
  year={2010},
  publisher={Elsevier}
}